@ARTICLE{diffeomorphism,
  author={V. C. {Prasad} and R. P. {Sharma}},
  journal={Proceedings of the IEEE}, 
  title={Sufficient conditions for existence and diffeomorphism of a nonlinear vector function}, 
  year={1987},
  volume={75},
  number={6},
  pages={846-847},}
